% -------------------
% ARTICLE REFERENCES
% -------------------
@article{article:quadcopter-intro,
    author = {Ostojic, Gordana and Stankovski, Stevan and Tejic, Branislav and Đukić, Nikola and Tegeltija, Srdjan},
    year = {2015},
    month = {01},
    pages = {43-48},
    title = {Design, control and application of quadcopter},
    volume = {6},
    journal = {International Journal of Industrial Engineering and Management}
}
@ARTICLE{article:indi,
    author = {Smeur, Ewoud and Chu, Q.P. and Croon, Guido},
    year = {2015},
    month = {12},
    pages = {1-12},
    title = {Adaptive Incremental Nonlinear Dynamic Inversion for Attitude Control of Micro Air Vehicles},
    volume = {39},
    journal = {Journal of Guidance, Control, and Dynamics},
    doi = {10.2514/1.G001490}
}
@ARTICLE{article:mellinger,
    author = {Mellinger, Daniel and Michael, Nathan and Kondepogu, Vijayakumar},
    year = {2012},
    month = {04},
    pages = {},
    title = {Trajectory generation and control for precise aggressive maneuvers with quadrotors},
    volume = {31},
    journal = {International Journal of Robotic Research - IJRR},
    doi = {10.1177/0278364911434236}
}
@ARTICLE{article:pid-controller-IIJEM,
author = {Ostojic, Gordana and Stankovski, Stevan and Tejic, Branislav and Đukić, Nikola and Tegeltija, Srdjan},
year = {2015},
month = {01},
pages = {43-48},
title = {Design, control and application of quadcopter},
volume = {6},
journal = {International Journal of Industrial Engineering and Management}
}
@INPROCEEDINGS{article:Scade-6,
  author={Colaço, Jean-Louis and Pagano, Bruno and Pouzet, Marc},
  booktitle={2017 International Symposium on Theoretical Aspects of Software Engineering (TASE)}, 
  title={SCADE 6: A formal language for embedded critical software development (invited paper)}, 
  year={2017},
  volume={},
  number={},
  pages={1-11},
  doi={10.1109/TASE.2017.8285623}
}
@ARTICLE{article:lustre-paper,
  author={Halbwachs, N. and Caspi, P. and Raymond, P. and Pilaud, D.},
  journal={Proceedings of the IEEE}, 
  title={The synchronous data flow programming language LUSTRE}, 
  year={1991},
  volume={79},
  number={9},
  pages={1305-1320},
  doi={10.1109/5.97300}
}
@INPROCEEDINGS{article:complementary-filter,
  author={Madgwick, Sebastian O. H. and Harrison, Andrew J. L. and Vaidyanathan, Ravi},
  booktitle={2011 IEEE International Conference on Rehabilitation Robotics}, 
  title={Estimation of IMU and MARG orientation using a gradient descent algorithm}, 
  year={2011},
  volume={},
  number={},
  pages={1-7},
  doi={10.1109/ICORR.2011.5975346}
}
@inproceedings{article:quadrocopter_quaternions,
  author = {Cariño Escobar, Jossué and Abaunza González, Hernán and Castillo Garcia, Pedro},
  year = {2015},
  month = {06},
  pages = {},
  title = {Quadrotor Quaternion Control},
  journal = {2015 International Conference on Unmanned Aircraft Systems, ICUAS 2015},
  doi = {10.1109/ICUAS.2015.7152367}
}
@INPROCEEDINGS{article:kalman-implementation-1,
  author={Mueller, Mark W. and Hamer, Michael and D'Andrea, Raffaello},
  booktitle={2015 IEEE International Conference on Robotics and Automation (ICRA)}, 
  title={Fusing ultra-wideband range measurements with accelerometers and rate gyroscopes for quadrocopter state estimation}, 
  year={2015},
  volume={},
  number={},
  pages={1730-1736},
  doi={10.1109/ICRA.2015.7139421}
}
@article{article:kalman-implementation-2,
    author = {Mueller, Mark and Hehn, Markus and D’Andrea, Raffaello},
    year = {2016},
    month = {11},
    pages = {1-7},
    title = {Covariance Correction Step for Kalman Filtering with an Attitude},
    volume = {40},
    journal = {Journal of Guidance, Control, and Dynamics},
    doi = {10.2514/1.G000848}
}
% -------------------
% REPORT REFERENCES
% -------------------

@techreport{report:quaternion-theorems,
  author={Ken Shoemake},
  title={Quaternions},
  year={1994},
  institution={Department of Computer and Information Science, University of Pennsylvania},
  note="\url{http://www-scf.usc.edu/~csci520/handouts/shoemaker_quaternion.pdf}. Online; accessed 11-March-2023."
}
@techreport{report:heptagon_manual,
  author = {INRIA Paris},
  title = {Haptagon/BZR Manual},
  year = "2017",
  url = "https://gitlab.inria.fr/synchrone/heptagon/-/tree/master/manual",
  note = "Online; accessed 10-March-2023."
}
@techreport{report:cse303-report,
  author = {Vrushank Agrawal},
  title = "Software Engineering for Quadcopter Control",
  year = "2022",
  institution={\'Ecole Polytechnique},
  url = "https://github.com/vrushank-agrawal/CSE303/blob/main/Final%20Report.pdf",
  note = "\url{https://github.com/vrushank-agrawal/CSE303/blob/main/Final%20Report.pdf}. Online; accessed 07-March-2023."
}
@techreport{report:feedback-control,
  author = {Keith B. Powell},
  title = "An Introduction to Feedback Control for Optical Systems",
  year = "2016",
  institution={Steward Observatory, University of Arizona},
  url = "https://wp.optics.arizona.edu/optomech/wp-content/uploads/sites/53/2016/10/Controls_tutorial-powell.pdf",
  note = "Online; accessed 13-March-2023."
}

% -------------------
% BOOK REFERENCES
% -------------------

@book{book:quan2017,
  title={Introduction to Multicopter Design and Control},
  author={Quan, Q.},
  isbn={9789811033827},
  url={https://books.google.fr/books?id=M3opDwAAQBAJ},
  year={2017},
  publisher={Springer Nature Singapore}
}
@inbook{book:freertos-guide-tasks,
  title={Mastering the FreeRTOS Real Time Kernel - a Hands On Tutorial Guide},
  author={Richard Barry},
  url={https://www.goodreads.com/book/show/41725681-mastering-the-freertos-real-time-kernel---a-hands-on-tutorial-guide},
  year={2016},
  pages={70-127},
  publisher={Real Time Engineers Ltd.}
}
@inbook{book:freertos-guide-preemptive,
  title={Mastering the FreeRTOS Real Time Kernel - a Hands On Tutorial Guide},
  author={Richard Barry},
  url={https://www.goodreads.com/book/show/41725681-mastering-the-freertos-real-time-kernel---a-hands-on-tutorial-guide},
  year={2016},
  pages={11},
  publisher={Real Time Engineers Ltd.}
}
@inbook{book:quan2017-movements,
  title={Introduction to Multicopter Design and Control},
  author={Quan, Q.},
  isbn={9789811033827},
  url={https://books.google.fr/books?id=M3opDwAAQBAJ},
  year={2017},
  pages={6-10},
  publisher={Springer Nature Singapore}
}
@inbook{book:quan2017-quaternions,
  title={Introduction to Multicopter Design and Control},
  author={Quan, Q.},
  isbn={9789811033827},
  url={https://books.google.fr/books?id=M3opDwAAQBAJ},
  year={2017},
  pages={109-119},
  publisher={Springer Nature Singapore}
}
@inbook{book:quan2017-state-estimators,
  title={Introduction to Multicopter Design and Control},
  author={Quan, Q.},
  isbn={9789811033827},
  url={https://books.google.fr/books?id=M3opDwAAQBAJ},
  year={2017},
  pages={199},
  publisher={Springer Nature Singapore}
}
@inbook{book:quan2017-KF,
  title={Introduction to Multicopter Design and Control},
  author={Quan, Q.},
  isbn={9789811033827},
  url={https://books.google.fr/books?id=M3opDwAAQBAJ},
  year={2017},
  pages={183-184},
  publisher={Springer Nature Singapore}
}
@inbook{book:quan2017-EKF,
  title={Introduction to Multicopter Design and Control},
  author={Quan, Q.},
  isbn={9789811033827},
  url={https://books.google.fr/books?id=M3opDwAAQBAJ},
  year={2017},
  pages={193},
  publisher={Springer Nature Singapore}
}

% -------------------
% MISC REFERENCES
% -------------------

@misc{web:quaternion-for-kalman,
  doi = {10.48550/ARXIV.1711.02508},
  url = {https://arxiv.org/abs/1711.02508},
  author = {Solà, Joan},
  keywords = {Robotics (cs.RO), FOS: Computer and information sciences, FOS: Computer and information sciences},
  title = {Quaternion kinematics for the error-state Kalman filter},
  publisher = {arXiv},
  year = {2017}, 
  copyright = {Creative Commons Attribution Non Commercial Share Alike 4.0 International}
}
@misc{web:freertos-scheduling,
  author = {FreeRTOS TM},
  title = "FreeRTOS scheduling",
  year = "2023",
  url = "https://www.freertos.org/single-core-amp-smp-rtos-scheduling.html",
  note = "\url{https://www.freertos.org/single-core-amp-smp-rtos-scheduling.html}. Online; accessed 07-March-2023."
}
@misc{web:freertos-kernel,
  author = {FreeRTOS TM},
  title = "The FreeRTOS Kernel",
  year = "2023",
  url = "https://www.freertos.org/RTOS.html",
  note = "\url{https://www.freertos.org/RTOS.html}. Online; accessed 15-March-2023."
}
@misc{web:freertos-stack-check,
  author = {FreeRTOS TM},
  title = "Stack Usage and Stack Overflow Checking",
  year = "2023",
  url = "https://www.freertos.org/Stacks-and-stack-overflow-checking.html",
  note = "\url{https://www.freertos.org/Stacks-and-stack-overflow-checking.html}. Online; accessed 15-March-2023."
}
@misc{web:crazyflie-2.1,
  author = {Bitcraze AB},
  title = "Crazyflie 2.1 -> Specifications",
  year = "2023",
  url = "https://www.bitcraze.io/products/crazyflie-2-1/",
  note = "\url{https://www.bitcraze.io/products/crazyflie-2-1/}. Online; accessed 09-March-2023."
}
@misc{web:wiki:scheduling,
  author = {Wikipedia, Wikimedia Foundation},
  title = "Scheduling (computing)",
  year = "2023",
  url = "https://en.wikipedia.org/wiki/Scheduling\_(computing)",
  note = "\url{https://en.wikipedia.org/wiki/Scheduling\_(computing)}. Online; accessed 06-March-2023."
}
@misc{web:wiki-invSqrt,
  author = {Wikipedia, Wikimedia Foundation},
  title = "Fast inverse square root",
  year = "2023",
  url = "https://en.wikipedia.org/wiki/Fast_inverse_square_root",
  note = "\url{https://en.wikipedia.org/wiki/Fast_inverse_square_root}. Online; accessed 13-March-2023."
}
@misc{web:tasks-and-coroutines,
  author = {Bitcraze Ab},
  title = "Tasks and Co-routines",
  year = "2023",
  url = "https://www.freertos.org/taskandcr.html",
  note = "\url{https://www.freertos.org/taskandcr.html}. Online; accessed 06-March-2023."
}
@misc{web:stateEstimator/bitcraze,
  author = {Bitcraze AB},
  title = {State estimation},
  year = 2023,
  url = {https://www.bitcraze.io/documentation/repository/crazyflie-firmware/master/functional-areas/sensor-to-control/state\_estimators/},
  urldate = {2023-03-03},
  note = "\url{https://www.bitcraze.io/documentation/repository/crazyflie-firmware/master/functional-areas/sensor-to-control/state\_estimators/}. Online; accessed 03-March-2023."
}
@misc{web:Scade-Suite,
  author = {ANSYS, Inc},
  title = {Ansys SCADE Suite},
  year = 2023,
  url = {https://www.ansys.com/products/embedded-software/ansys-scade-suite#tab1-2},
  urldate = {2023-03-04},
  note = "\url{https://www.ansys.com/products/embedded-software/ansys-scade-suite#tab1-2}. Online; accessed 04-March-2023."
}
@misc{web:expansion-decks,
  author = {Bitcraze AB},
  title = "Expansion decks of the Crazyflie 2.X",
  year = "2023",
  url = "https://www.bitcraze.io/documentation/system/platform/cf2-expansiondecks/",
  note = "\url{https://www.bitcraze.io/documentation/system/platform/cf2-expansiondecks/}. Online; accessed 09-March-2023."
}
@misc{image:gimbals,
    author = {Wikimedia Foundation Wikipedia},
    title = {Gimbal lock},
    year = {2023},
    url = {https://commons.wikimedia.org/wiki/File:No_gimbal_lock.png},
    note = {[\url{https://commons.wikimedia.org/wiki/File:No_gimbal_lock.png}. Online; accessed 13-March-2023]}
}

% -------------------
% SOFTWARE REFERENCES
% -------------------

@software{software:heptagon-compiler,
  author = {{PARKAS and LIG, INRIA}},
  title = {Heptagon},
  url = {https://gitlab.inria.fr/synchrone/heptagon},
  version = {1.05.00},
  date = {2023-03-07},
  note = "\url{https://gitlab.inria.fr/synchrone/heptagon}. Online; accessed 09-March-2023."
}
@software{software:crazyflie-clients-python,
  author = {{Bitcraze AB}},
  title = {bitcraze/crazyflie-clients-python},
  url = {https://github.com/bitcraze/crazyflie-clients-python},
  version = {2023.2},
  date = {2023-03-10},
  note = "\url{https://github.com/bitcraze/crazyflie-clients-python}. Online; accessed 10-March-2023."
}
@software{software:crazyflie-lib-python,
  author = {{Bitcraze AB}},
  title = {bitcraze/crazyflie-lib-python},
  url = {https://github.com/bitcraze/crazyflie-lib-python},
  version = {0.1.22},
  date = {2023-03-10},
  note = "\url{https://github.com/bitcraze/crazyflie-lib-python}. Online; accessed 10-March-2023."
}
@software{software:crazyflie-github-previous-version,
  author = {{Bitcraze Ab}},
  title = {Crazyflie-firmware},
  url = {https://github.com/bitcraze/crazyflie-firmware/tree/2022.09},
  version = {2022.09},
  date = {2023-03-07},
  note = "\url{https://github.com/bitcraze/crazyflie-firmware/tree/2022.09}. Online; accessed 07-March-2023."
}
@software{software:crazyflie-github-scheduler-type,
  author = {{Bitcraze Ab}},
  title = {Crazyflie-firmware},
  url = {https://github.com/bitcraze/crazyflie-firmware/blob/79aead2deafe0f9c5134422566c2f80e2db96613/src/config/FreeRTOSConfig.h#L73},
  version = {2023.02},
  date = {2023-03-06},
  note = "\url{https://github.com/bitcraze/crazyflie-firmware/blob/79aead2deafe0f9c5134422566c2f80e2db96613/src/config/FreeRTOSConfig.h#L73}. Online; accessed 06-March-2023."
}
@software{software:crazyflie-github-maxTaskPriority,
  author = {{Bitcraze Ab}},
  title = {Crazyflie-firmware},
  url = {https://github.com/bitcraze/crazyflie-firmware/blob/79aead2deafe0f9c5134422566c2f80e2db96613/src/config/FreeRTOSConfig.h#L93},
  version = {2023.02},
  date = {2023-03-07},
  note = "\url{https://github.com/bitcraze/crazyflie-firmware/blob/79aead2deafe0f9c5134422566c2f80e2db96613/src/config/FreeRTOSConfig.h#L93}. Online; accessed 07-March-2023."
}
@software{software:crazyflie-max-log-len,
  author = {{Bitcraze Ab}},
  title = {Crazyflie-lib-python},
  url = {https://github.com/bitcraze/crazyflie-lib-python/blob/master/cflib/crazyflie/log.py#L135},
  version = {0.1.22},
  date = {2023-03-10},
  note = "\url{https://github.com/bitcraze/crazyflie-lib-python/blob/master/cflib/crazyflie/log.py#L135}. Online; accessed 10-March-2023."
}
@software{software:crazyflie-FP16,
  author = {{Bitcraze Ab}},
  title = {Crazyflie-lib-python},
  url = {https://github.com/bitcraze/crazyflie-lib-python/blob/master/docs/user-guides/python\_api.md},
  version = {0.1.22},
  date = {2023-03-10},
  note = "\url{https://github.com/bitcraze/crazyflie-lib-python/blob/master/docs/user-guides/python\_api.md}. Online; accessed 10-March-2023."
}
@software{software:heptagon-issue,
  author = {{Vrushank Agrawal}},
  title = {Allocation of records inside another record is miscompiled with memalloc optimization},
  url = {https://gitlab.inria.fr/synchrone/heptagon/-/issues/21},
  version = {1.05.00},
  date = {2023-03-10},
  note = "\url{https://gitlab.inria.fr/synchrone/heptagon/-/issues/21}. Online; accessed 10-March-2023."
}
@software{software:invSqrt,
  author = {{id-Software}},
  title = {Quake-III-Arena},
  url = {https://github.com/id-Software/Quake-III-Arena/blob/master/code/game/q_math.c#L552},
  date = {2023-03-10},
  note = "\url{https://github.com/id-Software/Quake-III-Arena/blob/master/code/game/q_math.c#L552}. Online; accessed 13-March-2023."
}
@software{software:stabilizer-freq,
  author = {{Bitcraze Ab}},
  title = {Crazyflie-firmware},
  url = {https://github.com/bitcraze/crazyflie-firmware/blob/8e63e810b0778bc958b3473c5f8043a6fce9d122/src/modules/src/stabilizer.c#L214},
  date = {2023-03-10},
  version = {2022.05},
  note = "\url{https://github.com/bitcraze/crazyflie-firmware/blob/8e63e810b0778bc958b3473c5f8043a6fce9d122/src/modules/src/stabilizer.c#L214}. Online; accessed 14-March-2023."
}
